@Misc{apache:CommonsCollection,
 author = {{The Apache Software Foundation}},
 title = {Commons Collections},
 year = {2014},
 url = {http://commons.apache.org/proper/commons-collections/},
 note = {[Online; 9. Juli 2014]}
}

@Misc{apache:CommonsMath,
 author = {{The Apache Software Foundation}},
 title = {Commons Math: The Apache Commons Mathematics Library},
 year = {2014},
 url = {http://commons.apache.org/proper/commons-math/},
 note = {[Online; 9. Juli 2014]}
}

@Misc{apache:CommonsLang,
 author = {{The Apache Software Foundation}},
 title = {Commons Lang},
 year = {2014},
 url = {http://commons.apache.org/proper/commons-lang/},
 note = {[Online; 9. Juli 2014]}
}

@Misc{joda:jodatime,
 author = {{Joda}},
 title = {Joda-Time - Java date and time API},
 year = {2014},
 url = {http://www.joda.org/joda-time/},
 note = {[Online; 9. Juli 2014]}
}

@Misc{junit:junit,
 author = {{JUnit}},
 title = {JUnit},
 year = {2014},
 url = {http://junit.org/},
 note = {[Online; 9. Juli 2014]}
}

@Misc{hamcrest:hamcrest,
 author = {{hamcrest.org}},
 title = {Hamcrest},
 year = {2014},
 url = {http://hamcrest.org/},
 note = {[Online; 9. Juli 2014]}
}

@Misc{easymock:easymock,
 author = {{EasyMock contributors}},
 title = {EasyMock},
 year = {2014},
 url = {http://easymock.org/},
 note = {[Online; 9. Juli 2014]}
}

@Misc{qos:slfj,
 author = {{QOS.ch}},
 title = {Simple Logging Facade for Java (SLF4J)},
 year = {2014},
 url = {http://http://www.slf4j.org/},
 note = {[Online; 9. Juli 2014]}
}

@Misc{qos:logback,
 author = {{QOS.ch}},
 title = {Logback Project},
 year = {2014},
 url = {http://logback.qos.ch/},
 note = {[Online; 9. Juli 2014]}
}


@Misc{google:guave,
 author = {{Google}},
 title = {Guave},
 year = {2014},
 url = {https://code.google.com/p/guava-libraries/},
 note = {[Online; 9. Juli 2014]}
}

@Misc{ObjectRefineryLimited:JFreeChart,
 author = {{Object Refinery}},
 title = {JFreeChart},
 year = {2014},
 url = {http://www.jfree.org/jfreechart/},
 note = {[Online; 9. Juli 2014]}
}

@article{bortfeldtplanen,
  title={Planen, Lernen, Optimieren},
  author={Bortfeldt, Andreas and Fischer, Torsten and Homberger, J{\"o}rg and Pankratz, Giselher and Strangmeier, Reinhard},
  year = {2003}
}

@article{jih2004family,
  title={A family competition genetic algorithm for the pickup and delivery problems with time window},
  author={Jih, Wan-rong and Hsu, Y},
  journal={Bulletin of the College of Engineering},
  volume={90},
  pages={121--130},
  year={2004}
}


